
__General Magnetism__
@article{Neel1948,
	author = {N\'eel, M. Louis},
	title = {Propri\'et\'es magn\'etiques des ferrites ; ferrimagn\'etisme et antiferromagn\'etisme},
	DOI= "10.1051/anphys/194812030137",
	url= "https://doi.org/10.1051/anphys/194812030137",
	journal = {Ann. Phys.},
	year = 1948,
	volume = 12,
	number = 3,
	pages = "137-198",
}

@article{YIG,
title = "The crystal structure and ferrimagnetism of yttrium-iron garnet, Y3Fe2(FeO4)3",
journal = "J. Phys. Chem. Solids",
volume = "3",
number = "1",
pages = "30 - 36",
year = "1957",
issn = "0022-3697",
doi = "10.1016/0022-3697(57)90044-6",
url = "http://www.sciencedirect.com/science/article/pii/0022369757900446",
author = "S. Geller and M.A. Gilleo"
}

@article{Yi2014,
author = {Yi, Wei and Matsushita, Yoshitaka and Sato, Akira and Kosuda, Kosuke and Yoshitake, Michiko and Belik, Alexei A.},
title = {Bi3Cr2.91O11: A Ferromagnetic Insulator from Cr4+/Cr5+ Mixing},
journal = {Inorg. Chem.},
volume = {53},
number = {16},
pages = {8362-8366},
year = {2014},
doi = {10.1021/ic500773b},
    note ={PMID: 25089932},
URL = { 
        https://doi.org/10.1021/ic500773b
}
}

@article {Wolf2001,
	author = {Wolf, S. A. and Awschalom, D. D. and Buhrman, R. A. and Daughton, J. M. and von Moln{\'a}r, S. and Roukes, M. L. and Chtchelkanova, A. Y. and Treger, D. M.},
	title = {Spintronics: A Spin-Based Electronics Vision for the Future},
	volume = {294},
	number = {5546},
	pages = {1488--1495},
	year = {2001},
	doi = {10.1126/science.1065389},
	publisher = {American Association for the Advancement of Science},
	URL = {http://science.sciencemag.org/content/294/5546/1488},
	journal = {Science}
}

@article{thickness_Tc_theory,
title = "Thickness dependent Curie temperatures of ferromagnetic Heisenberg films",
journal = "Solid State Commun.",
volume = "110",
number = "2",
pages = "121 - 125",
year = "1999",
issn = "0038-1098",
doi = "https://doi.org/10.1016/S0038-1098(98)00593-6",
url = "http://www.sciencedirect.com/science/article/pii/S0038109898005936",
author = "R. Schiller and W. Nolting",
keywords = "A. Magnetically ordered materials, A. Thin films, D. Phase transitions"
}

@article{thickness_Tc_exp,
author = {Huang,F.  and Mankey,G. J.  and Kief,M. T.  and Willis,R. F. },
title = {Finite©\size scaling behavior of ferromagnetic thin films},
journal = {J. App. Phys.},
volume = {73},
number = {10},
pages = {6760-6762},
year = {1993},
doi = {10.1063/1.352477},

URL = { 
        https://doi.org/10.1063/1.352477
    
},
eprint = { 
        https://doi.org/10.1063/1.352477
    
}

}

@article{Mermin1966,
  title = {Absence of Ferromagnetism or Antiferromagnetism in One- or Two-Dimensional Isotropic Heisenberg Models},
  author = {Mermin, N. D. and Wagner, H.},
  journal = {Phys. Rev. Lett.},
  volume = {17},
  issue = {22},
  pages = {1133--1136},
  numpages = {0},
  year = {1966},
  month = {Nov},
  publisher = {American Physical Society},
  doi = {10.1103/PhysRevLett.17.1133},
  url = {https://link.aps.org/doi/10.1103/PhysRevLett.17.1133}
}



______Eu Compounds
@article{Eu_mag_compounds,
author = {T. R. McGuire and M. W. Shafer},
collaboration = {},
title = {Ferromagnetic Europium Compounds},
publisher = {AIP},
year = {1964},
journal = {J. Appl. Phys.},
volume = {35},
number = {3},
pages = {984-988},
url = {http://link.aip.org/link/?JAP/35/984/1},
doi = {10.1063/1.1713568}
}

@article{divalent_Eu,
author = {T. R. McGuire and B. E. Argyle and M. W. Shafer and J. S. Smart},
collaboration = {},
title = {Magnetic Properties of Some Divalent Europium Compounds},
publisher = {AIP},
year = {1963},
journal = {J. Appl. Phys.},
volume = {34},
number = {4},
pages = {1345-1346},
url = {http://link.aip.org/link/?JAP/34/1345/1},
doi = {10.1063/1.1729501}
}

@article{EuO_fm,
  title = {Ferromagnetic Interaction in EuO},
  author = {Matthias, B. T. and Bozorth, R. M. and Van Vleck, J. H.},
  journal = {Phys. Rev. Lett.},
  volume = {7},
  issue = {5},
  pages = {160--161},
  year = {1961},
  month = {Sep},
  doi = {10.1103/PhysRevLett.7.160},
  url = {http://link.aps.org/doi/10.1103/PhysRevLett.7.160},
  publisher = {American Physical Society}
}

@article{EuO_TC,
author = {M. W. Shafer and T. R. McGuire},
collaboration = {},
title = {Studies of Curie-Point Increases in EuO},
publisher = {AIP},
year = {1968},
journal = {J. Appl. Phys.},
volume = {39},
number = {2},
pages = {588-590},
url = {http://link.aip.org/link/?JAP/39/588/1},
doi = {10.1063/1.2163533}
}

@article{EuX_doped_transport,
  title = {Anomalous Transport Phenomena in Eu-Chalcogenide Alloys},
  author = {Kasuya, T. and Yanase, A.},
  journal = {Rev. Mod. Phys.},
  volume = {40},
  issue = {4},
  pages = {684--696},
  year = {1968},
  month = {Oct},
  doi = {10.1103/RevModPhys.40.684},
  url = {http://link.aps.org/doi/10.1103/RevModPhys.40.684},
  publisher = {American Physical Society}
}

@article{EuTe_AF,
title = "Low-temperature specific heat measurements of EuSe and EuTe ",
journal = "Phys. Lett. ",
volume = "11",
number = "1",
pages = "9 - 10",
year = "1964",
note = "",
issn = "0031-9163",
doi = "10.1016/0031-9163(64)90230-6",
url = "http://www.sciencedirect.com/science/article/pii/0031916364902306",
author = "G. Busch and P. Junod and R.G. Morris and J. Muheim and W. Stutius"
}

@article{EuSe_AF,
year={1969},
issn={0031-9236},
journal={Physik der kondensierten Materie},
volume={9},
number={3},
doi={10.1007/BF02422568},
title={Neutron diffraction evidence for magnetic phase transition in Europium selenide},
url={http://dx.doi.org/10.1007/BF02422568},
publisher={Springer-Verlag},
author={Fischer, P. and H\"alg, W. and Wartburg, W. and Schwob, P. and Vogt, O.},
pages={249-259},
language={English}
}



______EuS References
@article{EuX_indirect_exchange,
  title = {Exchange mechanism in europium compounds},
  author = {Lee, Ven-Chung and Liu, L.},
  journal = {Phys. Rev. B},
  volume = {30},
  issue = {4},
  pages = {2026--2035},
  numpages = {0},
  year = {1984},
  month = {Aug},
  publisher = {American Physical Society},
  doi = {10.1103/PhysRevB.30.2026},
  url = {https://link.aps.org/doi/10.1103/PhysRevB.30.2026}
}


@ARTICLE{EuS_MBE_Muller, 
author={M\"uller, Martina and Schreiber, Reinert and Schneider, Claus M.}, 
journal={IEEE Trans. Magn.}, 
title={Controlling Magnetic Properties of EuS-Based Spin Valve Structures on Si(001)}, 
year={2011}, 
volume={47}, 
number={6}, 
pages={1635-1638}, 
doi={10.1109/TMAG.2011.2106767}, 
ISSN={0018-9464},}

@article{EuS_MBE_Dauth,
  title = {Critical Behavior of the Surface Magnetization of an Isotropic Heisenberg Ferromagnet: EuS(111) on Si(111)},
  author = {Dauth, B. H. and Alvarado, S. F. and Campagna, M.},
  journal = {Phys. Rev. Lett.},
  volume = {58},
  issue = {20},
  pages = {2118--2121},
  numpages = {0},
  year = {1987},
  month = {May},
  publisher = {American Physical Society},
  doi = {10.1103/PhysRevLett.58.2118},
  url = {https://link.aps.org/doi/10.1103/PhysRevLett.58.2118}
}

@ARTICLE{EuS_thin_film_Keller, 
author={J. Keller and J. S. Parker and J. Stankiewicz and D. E. Read and P. A. Stampe and R. J. Kennedy and P. Xiong and S. von Molnar}, 
journal={IEEE Trans. Magn.}, 
title={Controlling the magneto-transport properties of EuS thin films}, 
year={2002}, 
volume={38}, 
number={5}, 
pages={2673-2675},  
doi={10.1109/TMAG.2002.801977}, 
ISSN={0018-9464}, 
month={Sept},}

@article{EuS_PLD1,
title = "Optical and magnetic properties of europium sulphide thin films grown by pulsed laser deposition ",
journal = "Thin Solid Films",
volume = "488",
number = "1¨C2",
pages = "200 - 203",
year = "2005",
note = "",
issn = "0040-6090",
doi = "http://dx.doi.org/10.1016/j.tsf.2005.04.081",
url = "http://www.sciencedirect.com/science/article/pii/S0040609005004256",
author = "D. O'Mahony and C. Smith and C. Budtz-Jorgensen and M. Venkatesan and J.G. Lunney and J.F. McGilp and J.M.D. Coey",
keywords = "Pulse laser deposition",
keywords = "Magnetic semiconductor",
keywords = "Europium sulphide",
keywords = "X-ray diffraction "
}

@article{EuS_PLD2,
author = {M. P. Mulloy and W. J. Blau and J. G. Lunney},
collaboration = {},
title = {Pulsed laser deposition of magnetic semiconductor EuS, EuSe, and EuTe thin films},
publisher = {AIP},
year = {1993},
journal = {J. Appl. Phys.},
volume = {73},
number = {8},
pages = {4104-4106},
keywords = {EUROPIUM SULFIDES; EUROPIUM SELENIDES; EUROPIUM TELLURIDES; THIN FILMS; ABLATION; DEPOSITION; LASER RADIATION; MAGNETIC SEMICONDUCTORS; ABSORPTION SPECTRA; SPECTRAL SHIFT},
url = {http://link.aip.org/link/?JAP/73/4104/1},
doi = {10.1063/1.352842}
}


@article{EuX_absorption,
title = "Optical absorption of ferro- and antiferromagnetic europium chalcogenides ",
journal = "Phys. Lett.",
volume = "12",
number = "1",
pages = "11 - 12",
year = "1964",
note = "",
issn = "0031-9163",
doi = "10.1016/0031-9163(64)91155-2",
url = "http://www.sciencedirect.com/science/article/pii/0031916364911552",
author = "G. Busch and P. Junod and P. Wachter"
}

@article{EuS_band_th1,
  title = {Spin-Polarized Electronic Energy-Band Structure in EuS},
  author = {Cho, S. J.},
  journal = {Phys. Rev.},
  volume = {157},
  issue = {3},
  pages = {632--640},
  year = {1967},
  month = {May},
  doi = {10.1103/PhysRev.157.632},
  url = {http://link.aps.org/doi/10.1103/PhysRev.157.632},
  publisher = {American Physical Society}
}

@article{EuS_band_th2,
  title = {Temperature-dependent quasiparticle band structure of the ferromagnetic semiconductor EuS},
  author = {M\"uller, W. and Nolting, W.},
  journal = {Phys. Rev. B},
  volume = {66},
  issue = {8},
  pages = {085205},
  numpages = {9},
  year = {2002},
  month = {Aug},
  doi = {10.1103/PhysRevB.66.085205},
  url = {http://link.aps.org/doi/10.1103/PhysRevB.66.085205},
  publisher = {American Physical Society}
}

@article{EuS_synthesis,
title = "Synthesis and characterization of europium sulfide ",
journal = "Mater. Res. Bull.",
volume = "9",
number = "9",
pages = "1167 - 1171",
year = "1974",
note = "",
issn = "0025-5408",
doi = "http://dx.doi.org/10.1016/0025-5408(74)90033-6",
url = "http://www.sciencedirect.com/science/article/pii/0025540874900336",
author = "K.P. Ananth and P.J. Gielisse and T.J. Rockett"
}

@article{EuS_magnetization,
author = {B. E. Argyle},
collaboration = {},
title = {Magnetization of Polycrystalline EuS as Determined by the Pyromagnetic Method},
publisher = {AIP},
year = {1965},
journal = {J. Appl. Phys.},
volume = {36},
number = {3},
pages = {679-683},
url = {http://link.aip.org/link/?JAP/36/679/1},
doi = {10.1063/1.1714201}
}

@article{EuS_neutron,
  title = {Spin dynamics in the cubic Heisenberg ferromagnet EuS},
  author = {Bohn, H. G. and Kollmar, A. and Zinn, W.},
  journal = {Phys. Rev. B},
  volume = {30},
  issue = {11},
  pages = {6504--6513},
  year = {1984},
  month = {Dec},
  doi = {10.1103/PhysRevB.30.6504},
  url = {http://link.aps.org/doi/10.1103/PhysRevB.30.6504},
  publisher = {American Physical Society}
}

@article{EuS_anisotropy,
  title = {Magnetocrystalline Anisotropy of Europium Sulfide},
  author = {Franzblau, M. C. and Everett, Glen E. and Lawson, A. W.},
  journal = {Phys. Rev.},
  volume = {164},
  issue = {2},
  pages = {716--719},
  year = {1967},
  month = {Dec},
  doi = {10.1103/PhysRev.164.716},
  url = {http://link.aps.org/doi/10.1103/PhysRev.164.716},
  publisher = {American Physical Society}
}

@article{EuS_ntype,
  title = {Resistivity and Hall Effect of EuS in Fields up to 140 kOe},
  author = {Shapira, Y. and Reed, T. B.},
  journal = {Phys. Rev. B},
  volume = {5},
  issue = {12},
  pages = {4877--4890},
  year = {1972},
  month = {Jun},
  doi = {10.1103/PhysRevB.5.4877},
  url = {http://link.aps.org/doi/10.1103/PhysRevB.5.4877},
  publisher = {American Physical Society}
}

@article{EuS_LaDoped,
  title = {Evidence for impurity bands in La-doped EuS},
  author = {Heikes, R. R. and Chen, C. W.},
  journal = {Physics Physique Fizika},
  volume = {1},
  issue = {3},
  pages = {159--162},
  numpages = {4},
  year = {1964},
  month = {Nov},
  publisher = {American Physical Society},
  doi = {10.1103/PhysicsPhysiqueFizika.1.159},
  url = {https://link.aps.org/doi/10.1103/PhysicsPhysiqueFizika.1.159}
}

@article{EuX_RKKY,
  title = {Effect of Electron Concentration on Magnetic Exchange Interactions in Rare Earth Chalcogenides},
  author = {Holtzberg, F. and McGuire, T. R. and Methfessel, S. and Suits, J. C.},
  journal = {Phys. Rev. Lett.},
  volume = {13},
  issue = {1},
  pages = {18--21},
  numpages = {0},
  year = {1964},
  month = {Jul},
  publisher = {American Physical Society},
  doi = {10.1103/PhysRevLett.13.18},
  url = {https://link.aps.org/doi/10.1103/PhysRevLett.13.18}
}




@article{EuS_critical,
author = {P. Boni and G. Shirane and H. G. Bohn and W. Zinn},
collaboration = {},
title = {Critical magnetic scattering from the Heisenberg ferromagnet EuS},
publisher = {AIP},
year = {1987},
journal = {J. Appl. Phys.},
volume = {61},
number = {8},
pages = {3397-3399},
keywords = {europium sulfides; ferromagnetic materials; neutron diffraction; Heisenberg model; ferromagnetism; transition temperature; magnetic structure; europium oxides; spin orientation; cross sections; inelastic scattering; magnetic ordering},
url = {http://link.aip.org/link/?JAP/61/3397/1},
doi = {10.1063/1.338786}
}

@article{EuS_spin_wave,
  title = {Application of Spin-Wave Theory to EuS},
  author = {Charap, S. H. and Boyd, E. L.},
  journal = {Phys. Rev.},
  volume = {133},
  issue = {3A},
  pages = {A811--A818},
  year = {1964},
  month = {Feb},
  doi = {10.1103/PhysRev.133.A811},
  url = {http://link.aps.org/doi/10.1103/PhysRev.133.A811},
  publisher = {American Physical Society}
}

@article{EuS_neighbor_exchange,
author = {Peter J. Wojtowicz},
collaboration = {},
title = {High-Temperature Heat Capacity of Ferromagnets Having 1st- and 2nd-Neighbor Exchange: Application to EuS},
publisher = {AIP},
year = {1964},
journal = {J. Appl. Phys.},
volume = {35},
number = {3},
pages = {991-993},
url = {http://link.aip.org/link/?JAP/35/991/1},
doi = {10.1063/1.1713571}
}

@article{EuS_optical_orientation,
  title={Optical orientation in ferromagnetic europium sulfide},
  author ={Afanas'ev and M. M. and Kompan and M. E. and MerkuJov, I. A.},
  journal={Sov. Phys. JETP},
  volume={71},
  pages={2068--2076},
  year={1976}
}


@article{EuS_specific_heat,
title = "Specific heat of EuS ",
journal = "Solid State Commun.",
volume = "1",
number = "6",
pages = "127 - 131",
year = "1963",
note = "",
issn = "0038-1098",
doi = "http://dx.doi.org/10.1016/0038-1098(63)90211-4",
url = "http://www.sciencedirect.com/science/article/pii/0038109863902114",
author = "V.L. Moruzzi and D.T. Teaney"
}


@article{EuS_PbS,
  title = {Ferromagnetic transition in EuS-PbS multilayers},
  author = {Stachow-W\'ojcik, A. and Story, T. and Dobrowolski, W. and Arciszewska, M. and Ga\l{}a\ifmmode \mbox{\c{}}\else \c{}\fi{}zka, R. R. and Kreijveld, M. W. and Sw\"uste, C. H. W. and Swagten, H. J. M. and de Jonge, W. J. M. and Twardowski, A. and Sipatov, A. Yu.},
  journal = {Phys. Rev. B},
  volume = {60},
  issue = {22},
  pages = {15220--15229},
  year = {1999},
  month = {Dec},
  doi = {10.1103/PhysRevB.60.15220},
  url = {http://link.aps.org/doi/10.1103/PhysRevB.60.15220},
  publisher = {American Physical Society}
}

@article{EuS_bulk_modulus,
  title = {Pressure-volume relationship and pressure-induced electronic and structural transformations in Eu and Yb monochalcogenides},
  author = {Jayaraman, A. and Singh, A. K. and Chatterjee, A. and Devi, S. Usha},
  journal = {Phys. Rev. B},
  volume = {9},
  issue = {6},
  pages = {2513--2520},
  numpages = {0},
  year = {1974},
  month = {Mar},
  publisher = {American Physical Society},
  doi = {10.1103/PhysRevB.9.2513},
  url = {http://link.aps.org/doi/10.1103/PhysRevB.9.2513}
}

@article{EuS_vapor,
title = "Thermodynamic study of the vaporization of europium monosulfide by Knudsen-cell mass spectrometry Atomization energies of EuS(g), Eu2S(g), EuS2(g), Eu2O(g), Eu2O2(g), Eu2OS(g), and Eu2S2(g) ",
journal = "J. Chem. Thermodyn.",
volume = "9",
number = "3",
pages = "275 - 292",
year = "1977",
note = "",
issn = "0021-9614",
doi = "http://dx.doi.org/10.1016/0021-9614(77)90047-7",
url = "http://www.sciencedirect.com/science/article/pii/0021961477900477",
author = "S. Smoes and J. Drowart and J. M. Welter"
}

@article{EuS_TC_doping,
title = "The specific heat of Gd doped EuS ",
journal = "Solid State Commun. ",
volume = "6",
number = "7",
pages = "461 - 464",
year = "1968",
note = "",
issn = "0038-1098",
doi = "http://dx.doi.org/10.1016/0038-1098(68)90055-0",
url = "http://www.sciencedirect.com/science/article/pii/0038109868900550",
author = "V. L. Moruzzi and D. T. Teaney and B. J. C. van der Hoeven Jr."
}


___________EuS_Applications
@article{EuS_spin_filter,
  title = {Magnetointernal Field Emission in Junctions of Magnetic Insulators},
  author = {Esaki, L. and Stiles, P. J. and {von Molnar}, S.},
  journal = {Phys. Rev. Lett.},
  volume = {19},
  issue = {15},
  pages = {852--854},
  year = {1967},
  month = {Oct},
  doi = {10.1103/PhysRevLett.19.852},
  url = {http://link.aps.org/doi/10.1103/PhysRevLett.19.852},
  publisher = {American Physical Society}
}

@article{EuS_spin_filter2,
author = {Martina M\"uller and Martina Luysberg and Claus M. Schneider},
collaboration = {},
title = {Observation of spin filtering in magnetic insulator contacts to silicon},
publisher = {AIP},
year = {2011},
journal = {Appl. Phys. Lett.},
volume = {98},
number = {14},
eid = {142503},
numpages = {3},
pages = {142503},
keywords = {erbium compounds; interface magnetism; magnetic semiconductors; magnetic tunnelling; magnetoresistance; silicon; spin polarised transport},
url = {http://link.aip.org/link/?APL/98/142503/1},
doi = {10.1063/1.3572016}
}

@misc{EuS_app1,
  title={Fiber optic probe with a magneto-optic film on an end surface for detecting a current in an integrated circuit},
  author={Freeman, Mark R},
  year={1995},
  note={{US} Patent 5,451,863}
}



@article{Jing,
  title = {Inverse Proximity Effect in Superconductor-Ferromagnet Bilayer Structures},
  author = {Xia, Jing and Shelukhin, V. and Karpovski, M. and Kapitulnik, A. and Palevski, A.},
  journal = {Phys. Rev. Lett.},
  volume = {102},
  issue = {8},
  pages = {087004},
  numpages = {4},
  year = {2009},
  month = {Feb},
  doi = {10.1103/PhysRevLett.102.087004},
  url = {http://link.aps.org/doi/10.1103/PhysRevLett.102.087004},
  publisher = {American Physical Society}
}

@article{pi_junction,
  title={Superconducting system with weak coupling to the current in the ground state},
  author={Bulaevskii, LN and Kuzii, VV and Sobyanin, AA},
  journal={JETP lett.},
  volume={25},
  number={7},
  pages={290--294},
  year={1977}
}

@article{pi_qubit,
  title = {Superconducting $\pi$ Qubit with a Ferromagnetic Josephson Junction},
  author = {Yamashita, T. and Tanikawa, K. and Takahashi, S. and Maekawa, S.},
  journal = {Phys. Rev. Lett.},
  volume = {95},
  issue = {9},
  pages = {097001},
  numpages = {4},
  year = {2005},
  month = {Aug},
  doi = {10.1103/PhysRevLett.95.097001},
  url = {http://link.aps.org/doi/10.1103/PhysRevLett.95.097001},
  publisher = {American Physical Society}
}

@article{EuS_Shafer,
title = "The Formation of Europium Sulfide by the H2S\textendash{}Eu2O3 Reaction at High Temperatures",
journal = "Mater. Res. Bull.",
volume = "7",
number = "6",
pages = "603 - 611",
year = "1972",
note = "",
issn = "0025-5408",
doi = "10.1016/0025-5408(72)90258-9",
url = "http://www.sciencedirect.com/science/article/pii/0025540872902589",
author = "M. W. Shafer"
}