__Bilayer papers__
@article{Moodera2013,
  title = {Exchange-Coupling-Induced Symmetry Breaking in Topological Insulators},
  author = {Wei, Peng and Katmis, Ferhat and Assaf, Badih A. and Steinberg, Hadar and Jarillo-Herrero, Pablo and Heiman, Donald and Moodera, Jagadeesh S.},
  journal = {Phys. Rev. Lett.},
  volume = {110},
  issue = {18},
  pages = {186807},
  numpages = {5},
  year = {2013},
  month = {Apr},
  doi = {10.1103/PhysRevLett.110.186807},
  url = {http://link.aps.org/doi/10.1103/PhysRevLett.110.186807},
  publisher = {American Physical Society},
}

@article{Moodera2016,
  title = {A high-temperature ferromagnetic topological insulating phase by proximity coupling},
  author = {Katmis, Ferhat and Lauter, Valeria and Nogueira, Flavio S. and Assaf, Badih A. and Jamer, Michelle E. and Wei, Peng and Satpati, Biswarup and Freeland, John W. and Eremin, Ilya and Heiman, Don and Jarillo-Herrero, Pablo and Moodera, Jagadeesh S.},
  journal = {Nat. Lett.},
  volume = {533},
  issue = {7604},
  pages = {513--516},
  year = {2016},
  doi = {10.1038/nature17635},
  url = {http://dx.doi.org/10.1038/nature17635},
  publisher = {Nature Publishing Group},
}

__bilayers__
@article{Samarth2013,
author = {A. Kandala and A. Richardella and D. W. Rench and D. M. Zhang and T. C. Flanagan and N. Samarth},
title = {Growth and characterization of hybrid insulating ferromagnet-topological insulator heterostructure devices},
journal = {Appl. Phys. Lett.},
volume = {103},
number = {20},
pages = {202409},
year = {2013},
doi = {10.1063/1.4831987},

URL = { 
        http://dx.doi.org/10.1063/1.4831987
  },
}



__Misc__
@misc{xiaoliang,
author = {Xiao-Liang Qi},
howpublished="Private communication",
year={},
}