@book{kittel,
  title={Introduction to Solid State Physics},
  author={Kittel, Charles},
  edition   = 8,
  isbn={9780471415268},
  lccn={2004042250},
  year={2004},
  publisher={John Wiley \& Sons, Inc.}
}