@article{bilayer2018,
  title = {Two-stage proximity-induced gap opening in topological-insulator--insulating-ferromagnet ${({\mathrm{Bi}}_{x}{\mathrm{Sb}}_{1\ensuremath{-}x})}_{2}{\mathrm{Te}}_{3}$--$\mathrm{EuS}$ bilayers},
  author = {Yang, Qi I. and Kapitulnik, Aharon},
  journal = {Phys. Rev. B},
  volume = {98},
  issue = {8},
  pages = {081403},
  numpages = {5},
  year = {2018},
  month = {Aug},
  publisher = {American Physical Society},
  doi = {10.1103/PhysRevB.98.081403},
  url = {https://link.aps.org/doi/10.1103/PhysRevB.98.081403}
}

@article{EuS_PLD,
author = {Qi I. Yang and Jinfeng Zhao and Li Zhang and Merav Dolev and Alexander D. Fried and Ann F. Marshall and Subhash H. Risbud and Aharon Kapitulnik},
title = {Pulsed laser deposition of high-quality thin films of the insulating ferromagnet EuS},
journal = {Appl. Phys. Lett.},
volume = {104},
number = {8},
pages = {082402},
year = {2014},
doi = {10.1063/1.4866265},

URL = { 
        http://dx.doi.org/10.1063/1.4866265
    
},
}


@article{bilayer2013,
  title = {Emerging weak localization effects on a topological insulator\char21{}insulating ferromagnet (Bi${}_{2}$Se${}_{3}$-EuS) interface},
  author = {Yang, Qi I. and Dolev, Merav and Zhang, Li and Zhao, Jinfeng and Fried, Alexander D. and Schemm, Elizabeth and Liu, Min and Palevski, Alexander and Marshall, Ann F. and Risbud, Subhash H. and Kapitulnik, Aharon},
  journal = {Phys. Rev. B},
  volume = {88},
  issue = {8},
  pages = {081407},
  numpages = {4},
  year = {2013},
  month = {Aug},
  doi = {10.1103/PhysRevB.88.081407},
  url = {http://link.aps.org/doi/10.1103/PhysRevB.88.081407},
  publisher = {American Physical Society},
}






@article{Jing,
  title = {Inverse Proximity Effect in Superconductor-Ferromagnet Bilayer Structures},
  author = {Xia, Jing and Shelukhin, V. and Karpovski, M. and Kapitulnik, A. and Palevski, A.},
  journal = {Phys. Rev. Lett.},
  volume = {102},
  issue = {8},
  pages = {087004},
  numpages = {4},
  year = {2009},
  month = {Feb},
  doi = {10.1103/PhysRevLett.102.087004},
  url = {http://link.aps.org/doi/10.1103/PhysRevLett.102.087004},
  publisher = {American Physical Society}
}

@article{xia:062508,
author = {Jing Xia and Peter T. Beyersdorf and M. M. Fejer and Aharon Kapitulnik},
collaboration = {},
title = {Modified Sagnac interferometer for high-sensitivity magneto-optic measurements at cryogenic temperatures},
publisher = {AIP},
year = {2006},
journal = {Appl. Phys. Lett.},
volume = {89},
number = {6},
eid = {062508},
numpages = {3},
pages = {062508},
keywords = {Sagnac interferometers; Kerr magneto-optical effect; cryogenics; light polarisation; shot noise; sensitivity},
url = {http://link.aip.org/link/?APL/89/062508/1},
doi = {10.1063/1.2336620}
}