@article{EuS_PLD,
author = {Qi I. Yang and Jinfeng Zhao and Li Zhang and Merav Dolev and Alexander D. Fried and Ann F. Marshall and Subhash H. Risbud and Aharon Kapitulnik},
title = {Pulsed laser deposition of high-quality thin films of the insulating ferromagnet EuS},
journal = {Appl. Phys. Lett.},
volume = {104},
number = {8},
pages = {082402},
year = {2014},
doi = {10.1063/1.4866265},

URL = { 
        http://dx.doi.org/10.1063/1.4866265
    
},
}
