@article{hussey2004,
author = { N. E. Hussey and  K. Takenaka  and  H. Takagi },
title = {Universality of the Mott-Ioffe-Regel limit in metals},
journal = {Philos. Mag.},
volume = {84},
number = {27},
pages = {2847-2864},
year  = {2004},
publisher = {Taylor \& Francis},
doi = {10.1080/14786430410001716944},

URL = { 
        https://doi.org/10.1080/14786430410001716944
    
},
eprint = { 
        https://doi.org/10.1080/14786430410001716944
    
}

}

__Drude__
@article{drude1900a,
author = {Drude, P.},
title = {Zur Elektronentheorie der Metalle},
journal = {Annalen der Physik},
volume = {306},
number = {3},
pages = {566-613},
year = {1900},
doi = {10.1002/andp.19003060312},
url = {https://onlinelibrary.wiley.com/doi/abs/10.1002/andp.19003060312},
eprint = {https://onlinelibrary.wiley.com/doi/pdf/10.1002/andp.19003060312}
}

@Article{sommerfeld1928,
author="Sommerfeld, A.",
title="Zur Elektronentheorie der Metalle auf Grund der Fermischen Statistik",
journal="Zeitschrift f{\"u}r Physik",
year="1928",
month="Jan",
day="01",
volume="47",
number="1",
pages="1--32",
issn="0044-3328",
doi="10.1007/BF01391052",
url="https://doi.org/10.1007/BF01391052"
}

__WL__
@article{bergmann1984,
title = "Weak localization in thin films: a time-of-flight experiment with conduction electrons",
journal = "Phys. Rep.",
volume = "107",
number = "1",
pages = "1 - 58",
year = "1984",
note = "",
issn = "0370-1573",
doi = "10.1016/0370-1573(84)90103-0",
url = "http://www.sciencedirect.com/science/article/pii/0370157384901030",
author = "Gerd Bergmann"
}

@article{anderson1979,
  title = {Possible Explanation of Nonlinear Conductivity in Thin-Film Metal Wires},
  author = {Anderson, P. W. and Abrahams, E. and Ramakrishnan, T. V.},
  journal = {Phys. Rev. Lett.},
  volume = {43},
  issue = {10},
  pages = {718--720},
  numpages = {0},
  year = {1979},
  month = {Sep},
  publisher = {American Physical Society},
  doi = {10.1103/PhysRevLett.43.718},
  url = {https://link.aps.org/doi/10.1103/PhysRevLett.43.718}
}

@article{dolan1979,
  title = {Nonmetallic Conduction in Thin Metal Films at Low Temperatures},
  author = {Dolan, G. J. and Osheroff, D. D.},
  journal = {Phys. Rev. Lett.},
  volume = {43},
  issue = {10},
  pages = {721--724},
  numpages = {0},
  year = {1979},
  month = {Sep},
  publisher = {American Physical Society},
  doi = {10.1103/PhysRevLett.43.721},
  url = {https://link.aps.org/doi/10.1103/PhysRevLett.43.721}
}



@article{bishop1982,
  title = {Magnetoresistance in Si metal-oxide-semiconductor field-effect transitors: Evidence of weak localization and correlation},
  author = {Bishop, D. J. and Dynes, R. C. and Tsui, D. C.},
  journal = {Phys. Rev. B},
  volume = {26},
  issue = {2},
  pages = {773--779},
  numpages = {0},
  year = {1982},
  month = {Jul},
  publisher = {American Physical Society},
  doi = {10.1103/PhysRevB.26.773},
  url = {https://link.aps.org/doi/10.1103/PhysRevB.26.773}
}

@article{WAL_theory,
  title = {Weak antilocalization in high-mobility two-dimensional systems},
  author = {Golub, L. E.},
  journal = {Phys. Rev. B},
  volume = {71},
  issue = {23},
  pages = {235310},
  numpages = {6},
  year = {2005},
  month = {Jun},
  doi = {10.1103/PhysRevB.71.235310},
  url = {http://link.aps.org/doi/10.1103/PhysRevB.71.235310},
  publisher = {American Physical Society}
}

@article{WL_HLN,
author = {Hikami, Shinobu and Larkin, Anatoly I. and Nagaoka, Yosuke}, 
title = {Spin-Orbit Interaction and Magnetoresistance in the Two Dimensional Random System},
volume = {63}, 
number = {2}, 
pages = {707-710}, 
year = {1980}, 
doi = {10.1143/PTP.63.707},
URL = {http://ptp.oxfordjournals.org/content/63/2/707.abstract}, 
journal = {Prog. Theor. Phys.} 
}

@article{WL_Khmel,
title = "Localization and coherent scattering of electrons",
journal = "Physica B+C",
volume = "126",
number = "1--3",
pages = "235 - 241",
year = "1984",
note = "",
issn = "0378-4363",
doi = "10.1016/0378-4363(84)90169-4",
url = "http://www.sciencedirect.com/science/article/pii/0378436384901694",
author = "D. E. Khmel'nitskii"
}

@article{WL_ferromagnetism,
  title = {Weak localization in ferromagnets with spin-orbit interaction},
  author = {Dugaev, V. K. and Bruno, P. and Barna\'s, J.},
  journal = {Phys. Rev. B},
  volume = {64},
  issue = {14},
  pages = {144423},
  numpages = {13},
  year = {2001},
  month = {Sep},
  publisher = {American Physical Society},
  doi = {10.1103/PhysRevB.64.144423},
  url = {https://link.aps.org/doi/10.1103/PhysRevB.64.144423}
}

@incollection{WL_ee,
title = "CHAPTER 1 - Electron–Electron Interaction In Disordered Conductors",
editor = "A.L. EFROS and M. POLLAK",
series = "Modern Problems in Condensed Matter Sciences",
publisher = "Elsevier",
address = "North-Holland",
volume = "10",
pages = "1--153",
year = "1985",
booktitle = "Electron–Electron Interactions in Disordered Systems",
issn = "0167-7837",
doi = "https://doi.org/10.1016/B978-0-444-86916-6.50007-7",
url = "http://www.sciencedirect.com/science/article/pii/B9780444869166500077",
author = "B.L. ALTSHULER and A.G. ARONOV"
}

___VRH___

@book{schklovskii_efros,
  title={Electronic properties of doped semiconductors},
  series={Springer Series in Solid-State Sciences},
  author={Shklovskii, Boris Isaakovich and Efros, Alex L},
  year={1984},
  publisher={Springer-Verlag},
  address={Berlin \& Heidelberg, Germany},
  isbn={978-3-662-02403-4},
  doi={10.1007/978-3-662-02403-4}
}

@book{mott_book,
  author    = {N. F. Mott and E. A. Davis}, 
  title     = {Electronic Processes in Non-Crystalline Materials},
  publisher = {Oxford University Press},
  address = {Oxford, England},
  year      = {2012},
  edition   = {2},
  isbn      = {9780199645336}
}

@article{mott1968,
title = "Conduction in glasses containing transition metal ions",
journal = "J. Non-Cryst. Solids",
volume = "1",
number = "1",
pages = "1--17",
year = "1968",
issn = "0022-3093",
doi = "https://doi.org/10.1016/0022-3093(68)90002-1",
url = "http://www.sciencedirect.com/science/article/pii/0022309368900021",
author = "N.F. Mott"
}

@article{Fradkin1986b,
  title = {Critical behavior of disordered degenerate semiconductors. II. Spectrum and transport properties in mean-field theory},
  author = {Fradkin, Eduardo},
  journal = {Phys. Rev. B},
  volume = {33},
  issue = {5},
  pages = {3263--3268},
  numpages = {0},
  year = {1986},
  month = {Mar},
  publisher = {American Physical Society},
  doi = {10.1103/PhysRevB.33.3263},
  url = {https://link.aps.org/doi/10.1103/PhysRevB.33.3263}
}

@Article{pollak1970,
author ="Pollak, M.",
title  ="Effect of carrier-carrier interactions on some transport properties in disordered semiconductors",
journal  ="Discuss. Faraday Soc.",
year  ="1970",
volume  ="50",
issue  ="0",
pages  ="13-19",
publisher  ="The Royal Society of Chemistry",
doi  ="10.1039/DF9705000013",
url  ="http://dx.doi.org/10.1039/DF9705000013"
}

@article{efros1975,
  author={A. L. Efros and B. I. Shklovskii},
  title={Coulomb gap and low temperature conductivity of disordered systems},
  journal={J. Phys. C: Solid State Phys.},
  volume={8},
  number={4},
  pages={L49},
  url={http://stacks.iop.org/0022-3719/8/i=4/a=003},
  year={1975}
}