__TI General__
@article{Ando_PRL,
  title = {Manifestation of Topological Protection in Transport Properties of Epitaxial ${\mathrm{Bi}}_{2}{\mathrm{Se}}_{3}$ Thin Films},
  author = {Taskin, A. A. and Sasaki, Satoshi and Segawa, Kouji and Ando, Yoichi},
  journal = {Phys. Rev. Lett.},
  volume = {109},
  issue = {6},
  pages = {066803},
  numpages = {5},
  year = {2012},
  month = {Aug},
  doi = {10.1103/PhysRevLett.109.066803},
  url = {http://link.aps.org/doi/10.1103/PhysRevLett.109.066803},
  publisher = {American Physical Society}
}

@article{TI_Col,
  title = {Colloquium: Topological insulators},
  author = {Hasan, M. Z. and Kane, C. L.},
  journal = {Rev. Mod. Phys.},
  volume = {82},
  issue = {4},
  pages = {3045--3067},
  year = {2010},
  month = {Nov},
  doi = {10.1103/RevModPhys.82.3045},
  url = {http://link.aps.org/doi/10.1103/RevModPhys.82.3045},
  publisher = {American Physical Society}
}

@article{Fu2007,
  title = {Topological insulators with inversion symmetry},
  author = {Fu, Liang and Kane, C. L.},
  journal = {Phys. Rev. B},
  volume = {76},
  issue = {4},
  pages = {045302},
  numpages = {17},
  year = {2007},
  month = {Jul},
  publisher = {American Physical Society},
  doi = {10.1103/PhysRevB.76.045302},
  url = {https://link.aps.org/doi/10.1103/PhysRevB.76.045302}
}

@article{Kane2005,
  title = {${Z}_{2}$ Topological Order and the Quantum Spin Hall Effect},
  author = {Kane, C. L. and Mele, E. J.},
  journal = {Phys. Rev. Lett.},
  volume = {95},
  issue = {14},
  pages = {146802},
  numpages = {4},
  year = {2005},
  month = {Sep},
  publisher = {American Physical Society},
  doi = {10.1103/PhysRevLett.95.146802},
  url = {https://link.aps.org/doi/10.1103/PhysRevLett.95.146802}
}


@article{TI_birth,
  title = {The birth of topological insulators},
  author = {Moore, Joel E.},
  journal = {Nature},
  volume = {464},
  issue = {7286},
  pages = {194},
  numpages = {4},
  year = {2010},
  month = {Mar},
  doi = {10.1038/nature08916},
  url = {http://dx.doi.org/10.1038/nature08916},
  publisher = {Nature Publishing Group}
}

@article{TI_Qi,
  title = {Topological insulators and superconductors},
  author = {Qi, Xiao-Liang and Zhang, Shou-Cheng},
  journal = {Rev. Mod. Phys.},
  volume = {83},
  issue = {4},
  pages = {1057--1110},
  year = {2011},
  month = {Oct},
  doi = {10.1103/RevModPhys.83.1057},
  url = {http://link.aps.org/doi/10.1103/RevModPhys.83.1057},
  publisher = {American Physical Society}
}

@article{Liu2010,
  title = {Model Hamiltonian for topological insulators},
  author = {Liu, Chao-Xing and Qi, Xiao-Liang and Zhang, HaiJun and Dai, Xi and Fang, Zhong and Zhang, Shou-Cheng},
  journal = {Phys. Rev. B},
  volume = {82},
  issue = {4},
  pages = {045122},
  numpages = {19},
  year = {2010},
  month = {Jul},
  publisher = {American Physical Society},
  doi = {10.1103/PhysRevB.82.045122},
  url = {https://link.aps.org/doi/10.1103/PhysRevB.82.045122}
}

@article{TI_monopole,
author = {Qi, Xiao-Liang and Li, Rundong and Zang, Jiadong and Zhang, Shou-Cheng}, 
title = {Inducing a Magnetic Monopole with Topological Surface States},
volume = {323}, 
number = {5918}, 
pages = {1184-1187}, 
year = {2009}, 
doi = {10.1126/science.1167747}, 
URL = {http://www.sciencemag.org/content/323/5918/1184.abstract}, 
journal = {Science} 
}

@article{TI_Majorana,
  title = {Superconducting Proximity Effect and Majorana Fermions at the Surface of a Topological Insulator},
  author = {Fu, Liang and Kane, C. L.},
  journal = {Phys. Rev. Lett.},
  volume = {100},
  issue = {9},
  pages = {096407},
  numpages = {4},
  year = {2008},
  month = {Mar},
  doi = {10.1103/PhysRevLett.100.096407},
  url = {http://link.aps.org/doi/10.1103/PhysRevLett.100.096407},
  publisher = {American Physical Society}
}

@article{STS_junction,
  title = {Andreev bound states and current-phase relations in three-dimensional topological insulators},
  author = {Snelder, M. and Veldhorst, M. and Golubov, A. A. and Brinkman, A.},
  journal = {Phys. Rev. B},
  volume = {87},
  issue = {10},
  pages = {104507},
  numpages = {7},
  year = {2013},
  month = {Mar},
  doi = {10.1103/PhysRevB.87.104507},
  url = {http://link.aps.org/doi/10.1103/PhysRevB.87.104507},
  publisher = {American Physical Society}
}

@article{QAH_TI_Yu,
author = {Yu, Rui and Zhang, Wei and Zhang, Hai-Jun and Zhang, Shou-Cheng and Dai, Xi and Fang, Zhong}, 
title = {Quantized Anomalous Hall Effect in Magnetic Topological Insulators},
volume = {329}, 
number = {5987}, 
pages = {61-64}, 
year = {2010}, 
doi = {10.1126/science.1187485},
journal = {Science} 
}

@article{MnSe,
  title = {Massive Dirac surface states in topological insulator/magnetic insulator heterostructures},
  author = {Luo, Weidong and Qi, Xiao-Liang},
  journal = {Phys. Rev. B},
  volume = {87},
  issue = {8},
  pages = {085431},
  numpages = {7},
  year = {2013},
  month = {Feb},
  doi = {10.1103/PhysRevB.87.085431},
  url = {http://link.aps.org/doi/10.1103/PhysRevB.87.085431},
  publisher = {American Physical Society}
}

@article{TI_nonAbelian,
  title = {Majorana Fermions and Non-Abelian Statistics in Three Dimensions},
  author = {Teo, Jeffrey C. Y. and Kane, C. L.},
  journal = {Phys. Rev. Lett.},
  volume = {104},
  issue = {4},
  pages = {046401},
  numpages = {4},
  year = {2010},
  month = {Jan},
  doi = {10.1103/PhysRevLett.104.046401},
  url = {http://link.aps.org/doi/10.1103/PhysRevLett.104.046401},
  publisher = {American Physical Society}
}

@article{ISG,
  title = {Inverse Spin-Galvanic Effect in the Interface between a Topological Insulator and a Ferromagnet},
  author = {Garate, Ion and Franz, M.},
  journal = {Phys. Rev. Lett.},
  volume = {104},
  issue = {14},
  pages = {146802},
  numpages = {4},
  year = {2010},
  month = {Apr},
  doi = {10.1103/PhysRevLett.104.146802},
  url = {http://link.aps.org/doi/10.1103/PhysRevLett.104.146802},
  publisher = {American Physical Society}
}

@Article{TI_ARPES1,
author="Xia, Y.
and Qian, D.
and Hsieh, D.
and Wray, L.
and Pal, A.
and Lin, H.
and Bansil, A.
and Grauer, D.
and Hor, Y. S.
and Cava, R. J.
and Hasan, M. Z.",
title="Observation of a large-gap topological-insulator class with a single Dirac cone on the surface",
journal="Nat. Phys.",
year="2009",
month="Jun",
publisher="Nature Publishing Group",
volume="5",
number="6",
pages="398--402",
issn="1745-2473",
doi="10.1038/nphys1274",
url="http://dx.doi.org/10.1038/nphys1274"
}

@article{Fisher2010,
  title = {Bulk Fermi surface coexistence with Dirac surface state in ${\text{Bi}}_{2}{\text{Se}}_{3}$: A comparison of photoemission and Shubnikov--de Haas measurements},
  author = {Analytis, James G. and Chu, Jiun-Haw and Chen, Yulin and Corredor, Felipe and McDonald, Ross D. and Shen, Z. X. and Fisher, Ian R.},
  journal = {Phys. Rev. B},
  volume = {81},
  issue = {20},
  pages = {205407},
  numpages = {5},
  year = {2010},
  month = {May},
  publisher = {American Physical Society},
  doi = {10.1103/PhysRevB.81.205407},
  url = {https://link.aps.org/doi/10.1103/PhysRevB.81.205407}
}

@article{TI_ARPES2,
author = {Chen, Y. L. and Analytis, J. G. and Chu, J.-H. and Liu, Z. K. and Mo, S.-K. and Qi, X. L. and Zhang, H. J. and Lu, D. H. and Dai, X. and Fang, Z. and Zhang, S. C. and Fisher, I. R. and Hussain, Z. and Shen, Z.-X.}, 
title = {Experimental Realization of a Three-Dimensional Topological Insulator, Bi2Te3},
volume = {325}, 
number = {5937}, 
pages = {178-181}, 
year = {2009}, 
doi = {10.1126/science.1173034}, 
abstract ={Three-dimensional topological insulators are a new state of quantum matter with a bulk gap and odd number of relativistic Dirac fermions on the surface. By investigating the surface state of Bi2Te3 with angle-resolved photoemission spectroscopy, we demonstrate that the surface state consists of a single nondegenerate Dirac cone. Furthermore, with appropriate hole doping, the Fermi level can be tuned to intersect only the surface states, indicating a full energy gap for the bulk states. Our results establish that Bi2Te3 is a simple model system for the three-dimensional topological insulator with a single Dirac cone on the surface. The large bulk gap of Bi2Te3 also points to promising potential for high-temperature spintronics applications.}, 
URL = {http://www.sciencemag.org/content/325/5937/178.abstract}, 
journal = {Science} 
}

@article{ARPES_thickness,
author = {Zhang, Yi and He, Ke and Chang, Cui-Zu and Song, Can-Li and Wang, Li-Li and Chen, Xi and Jia, Jin-Feng and Fang, Zhong and Dai, Xi and Shan, Wen-Yu and Shen, Shun-Qing and Niu, Qian and Qi, Xiao-Liang and Zhang, Shou-Cheng and Ma, Xu-Cun and Xue, Qi-Kun},
title = {Crossover of the three-dimensional topological insulator Bi2Se3 to the two-dimensional limit},
volume = {6},
pages = {584--588},
journal = {Nat. Phys.},
year = {2010},
doi= {10.1038/nphys1689},
}


@article{TI_doping,
	author={Hong, Seung Sae and Cha, Judy J. and Kong, Desheng and Cui, Yi},
	title={Ultra-low carrier concentration and surface-dominant transport in antimony-doped Bi2Se3 topological insulator nanoribbons},
	journal={Nat. Commun.},
	year={2012},
	volume={3},
	number={757},
	pages={757},
	doi={10.1038/ncomms1771},
}

@article{TI_other1,
  title = {Quantum Interference in Macroscopic Crystals of Nonmetallic ${\mathrm{Bi}}_{2}{\mathrm{Se}}_{3}$},
  author = {Checkelsky, J. G. and Hor, Y. S. and Liu, M.-H. and Qu, D.-X. and Cava, R. J. and Ong, N. P.},
  journal = {Phys. Rev. Lett.},
  volume = {103},
  issue = {24},
  pages = {246601},
  numpages = {4},
  year = {2009},
  month = {Dec},
  doi = {10.1103/PhysRevLett.103.246601},
  url = {http://link.aps.org/doi/10.1103/PhysRevLett.103.246601},
  publisher = {American Physical Society}
}

@Article{TI_other2,
author="Peng, Hailin
and Lai, Keji
and Kong, Desheng
and Meister, Stefan
and Chen, Yulin
and Qi, Xiao-Liang
and Zhang, Shou-Cheng
and Shen, Zhi-Xun
and Cui, Yi",
title="Aharonov-Bohm interference in topological insulator nanoribbons",
journal="Nat. Mater.",
year="2010",
month="Mar",
publisher="Nature Publishing Group",
volume="9",
number="3",
pages="225--229",
issn="1476-1122",
doi="10.1038/nmat2609",
url="http://dx.doi.org/10.1038/nmat2609"
}

@article{Kou2014,
  title = {Scale-Invariant Quantum Anomalous Hall Effect in Magnetic Topological Insulators beyond the Two-Dimensional Limit},
  author = {Kou, Xufeng and Guo, Shih-Ting and Fan, Yabin and Pan, Lei and Lang, Murong and Jiang, Ying and Shao, Qiming and Nie, Tianxiao and Murata, Koichi and Tang, Jianshi and Wang, Yong and He, Liang and Lee, Ting-Kuo and Lee, Wei-Li and Wang, Kang L.},
  journal = {Phys. Rev. Lett.},
  volume = {113},
  issue = {13},
  pages = {137201},
  numpages = {5},
  year = {2014},
  month = {Sep},
  publisher = {American Physical Society},
  doi = {10.1103/PhysRevLett.113.137201},
  url = {https://link.aps.org/doi/10.1103/PhysRevLett.113.137201}
}

@article {Chang2013,
	author = {Chang, Cui-Zu and Zhang, Jinsong and Feng, Xiao and Shen, Jie and Zhang, Zuocheng and Guo, Minghua and Li, Kang and Ou, Yunbo and Wei, Pang and Wang, Li-Li and Ji, Zhong-Qing and Feng, Yang and Ji, Shuaihua and Chen, Xi and Jia, Jinfeng and Dai, Xi and Fang, Zhong and Zhang, Shou-Cheng and He, Ke and Wang, Yayu and Lu, Li and Ma, Xu-Cun and Xue, Qi-Kun},
	title = {Experimental Observation of the Quantum Anomalous Hall Effect in a Magnetic Topological Insulator},
	volume = {340},
	number = {6129},
	pages = {167--170},
	year = {2013},
	doi = {10.1126/science.1234414},
	publisher = {American Association for the Advancement of Science},
		issn = {0036-8075},
	URL = {http://science.sciencemag.org/content/340/6129/167},
	eprint = {http://science.sciencemag.org/content/340/6129/167.full.pdf},
	journal = {Science}
}

@article{2d_crossover,
  title = {Oscillatory crossover from two-dimensional to three-dimensional topological insulators},
  author = {Liu, Chao-Xing and Zhang, HaiJun and Yan, Binghai and Qi, Xiao-Liang and Frauenheim, Thomas and Dai, Xi and Fang, Zhong and Zhang, Shou-Cheng},
  journal = {Phys. Rev. B},
  volume = {81},
  issue = {4},
  pages = {041307},
  numpages = {4},
  year = {2010},
  month = {Jan},
  publisher = {American Physical Society},
  doi = {10.1103/PhysRevB.81.041307},
  url = {https://link.aps.org/doi/10.1103/PhysRevB.81.041307}
}

@article{liao2015,
  title = {Observation of Anderson Localization in Ultrathin Films of Three-Dimensional Topological Insulators},
  author = {Liao, Jian and Ou, Yunbo and Feng, Xiao and Yang, Shuo and Lin, Chaojing and Yang, Wenmin and Wu, Kehui and He, Ke and Ma, Xucun and Xue, Qi-Kun and Li, Yongqing},
  journal = {Phys. Rev. Lett.},
  volume = {114},
  issue = {21},
  pages = {216601},
  numpages = {5},
  year = {2015},
  month = {May},
  publisher = {American Physical Society},
  doi = {10.1103/PhysRevLett.114.216601},
  url = {https://link.aps.org/doi/10.1103/PhysRevLett.114.216601}
}

__Materials__

@article{TI_crystal_structure,
year={1967},
issn={0022-4766},
journal={J. Struct. Chem.},
volume={8},
issue={4},
doi={10.1007/BF01551253},
title={Crystal Structure of Bismuth Selenides and Bismuth and Antimony Tellurides},
url={http://dx.doi.org/10.1007/BF01551253},
publisher={Kluwer Academic Publishers-Plenum Publishers},
author={Stasova, M.M.},
pages={584-589},
language={English}
}



@article{SbStructure,
author = "Anderson, T. L. and Krause, H. B.",
title = "{Refinement of the Sb${\sb 2}$Te${\sb 3}$ and Sb${\sb 2}$Te${\sb 2}$Se structures and their relationship to nonstoichiometric Sb${\sb 2}$Te${\sb 3{$-$}{\it y}}$Se${\sb {\it y}}$ compounds}",
journal = {Acta Crystallogr., Sect. B: Struct. Sci.},
year = "1974",
volume = "30",
number = "5",
pages = "1307--1310",
month = "May",
doi = {10.1107/S0567740874004729},
url = {https://doi.org/10.1107/S0567740874004729},
}

@article{BiStructure,
  author={M H Francombe},
  title={Structure-cell data and expansion coefficients of bismuth telluride},
  journal={Br. J. Appl. Phys.},
  volume={9},
  number={10},
  pages={415},
  url={http://stacks.iop.org/0508-3443/9/i=10/a=307},
  year={1958}
}

@article{TI_electronic_structure,
  author={S K Mishra and S Satpathy and O Jepsen},
  title={Electronic structure and thermoelectric properties of bismuth telluride and bismuth selenide},
  journal={J. Phys.: Condensed Matter},
  volume={9},
  number={2},
  pages={461},
  url={http://stacks.iop.org/0953-8984/9/i=2/a=014},
  year={1997},
}

@article{TI_electronic_structure_zhang,
author={Zhang, Haijun and Liu, Chao-Xing and Qi, Xiao-Liang and Dai, Xi and Fang, Zhong and Zhang, Shou-Cheng},
title={Topological insulators in Bi$_2$Se$_3$, Bi$_2$Te$_3$ and Sb$_2$Te$_3$ with a single Dirac cone on the surface},
journal={Nat. Phys.},
volume={5},
pages={438--442},
year={2009},
doi={10.1038/nphys1270},
}


@article{ZhangJS2011,
    author = {Zhang, Jinsong and Chang, Cui-Zu and Zhang, Zuocheng and Wen, Jing and Feng, Xiao and Li, Kang and Liu, Minhao and He, Ke and Wang, Lili and Chen, Xi and Xue, Qi-Kun and Ma, Xucun and Wang, Yayu},
    title = {Band structure engineering in (Bi1-xSbx)2Te3 ternary topological insulators},
    journal = {Nat. Commun.},
    year = {2011},
    volume = {2},
    pages = {574},
    url = {http://dx.doi.org/10.1038/ncomms1588},
    doi = {10.1038/ncomms1588},
}

__TI and S__
@article{BiTeS,
  title = {Bi${}_{2}$Te${}_{1.6}$S${}_{1.4}$: A topological insulator in the tetradymite family},
  author = {Ji, Huiwen and Allred, J. M. and Fuccillo, M. K. and Charles, M. E. and Neupane, M. and Wray, L. A. and Hasan, M. Z. and Cava, R. J.},
  journal = {Phys. Rev. B},
  volume = {85},
  issue = {20},
  pages = {201103},
  numpages = {5},
  year = {2012},
  month = {May},
  publisher = {American Physical Society},
  doi = {10.1103/PhysRevB.85.201103},
  url = {https://link.aps.org/doi/10.1103/PhysRevB.85.201103}
}


@article{BiSeS,
  title = {Topological surface states and Dirac point tuning in ternary topological insulators},
  author = {Neupane, M. and Xu, S.-Y. and Wray, L. A. and Petersen, A. and Shankar, R. and Alidoust, N. and Liu, Chang and Fedorov, A. and Ji, H. and Allred, J. M. and Hor, Y. S. and Chang, T.-R. and Jeng, H.-T. and Lin, H. and Bansil, A. and Cava, R. J. and Hasan, M. Z.},
  journal = {Phys. Rev. B},
  volume = {85},
  issue = {23},
  pages = {235406},
  numpages = {8},
  year = {2012},
  month = {Jun},
  doi = {10.1103/PhysRevB.85.235406},
  url = {http://link.aps.org/doi/10.1103/PhysRevB.85.235406},
  publisher = {American Physical Society}
}

@article{Bi2Se3S,
author = {Ch. Iona and E. Hatzikraniotis and K. M. Paraskevopoulos and Th. Kyratsi},
editor = {Angelos Angelopoulos and Takis Fildisis},
collaboration = {},
title = {Synthesis and Thermoelectric Properties of low-x Bi[sub 2]Se[sub 3 - x]S[sub 3] Series},
publisher = {AIP},
year = {2010},
journal = {AIP Conference Proceedings},
volume = {1203},
number = {1},
pages = {997-1002},
keywords = {thermoelectric effect; X-ray diffraction; scanning electron microscopy; solid solutions},
url = {http://link.aip.org/link/?APC/1203/997/1},
doi = {10.1063/1.3322598}
}


__TI and WL__
@article{TI_WAL_Hongkong,
  title = {Impurity Effect on Weak Antilocalization in the Topological Insulator ${\mathrm{Bi}}_{2}{\mathrm{Te}}_{3}$},
  author = {He, Hong-Tao and Wang, Gan and Zhang, Tao and Sou, Iam-Keong and Wong, George K. L and Wang, Jian-Nong and Lu, Hai-Zhou and Shen, Shun-Qing and Zhang, Fu-Chun},
  journal = {Phys. Rev. Lett.},
  volume = {106},
  issue = {16},
  pages = {166805},
  numpages = {4},
  year = {2011},
  month = {Apr},
  doi = {10.1103/PhysRevLett.106.166805},
  url = {http://link.aps.org/doi/10.1103/PhysRevLett.106.166805},
  publisher = {American Physical Society}
}

@article{TI_WAL_thickness,
  title = {Thickness-dependent bulk properties and weak antilocalization effect in topological insulator Bi${}_{2}$Se${}_{3}$},
  author = {Kim, Yong Seung and Brahlek, Matthew and Bansal, Namrata and Edrey, Eliav and Kapilevich, Gary A. and Iida, Keiko and Tanimura, Makoto and Horibe, Yoichi and Cheong, Sang-Wook and Oh, Seongshik},
  journal = {Phys. Rev. B},
  volume = {84},
  issue = {7},
  pages = {073109},
  numpages = {5},
  year = {2011},
  month = {Aug},
  doi = {10.1103/PhysRevB.84.073109},
  url = {http://link.aps.org/doi/10.1103/PhysRevB.84.073109},
  publisher = {American Physical Society}
}

@article{TI_WAL_gate,
  title = {Gate-Voltage Control of Chemical Potential and Weak Antilocalization in ${\mathrm{Bi}}_{2}{\mathrm{Se}}_{3}$},
  author = {Chen, J. and Qin, H. J. and Yang, F. and Liu, J. and Guan, T. and Qu, F. M. and Zhang, G. H. and Shi, J. R. and Xie, X. C. and Yang, C. L. and Wu, K. H. and Li, Y. Q. and Lu, L.},
  journal = {Phys. Rev. Lett.},
  volume = {105},
  issue = {17},
  pages = {176602},
  numpages = {4},
  year = {2010},
  month = {Oct},
  doi = {10.1103/PhysRevLett.105.176602},
  url = {http://link.aps.org/doi/10.1103/PhysRevLett.105.176602},
  publisher = {American Physical Society}
}

@article{TI_WL_UCLA,
author = {Lang, Murong and He, Liang and Kou, Xufeng and Upadhyaya, Pramey and Fan, Yabin and Chu, Hao and Jiang, Ying and Bardarson, Jens H. and Jiang, Wanjun and Choi, Eun Sang and Wang, Yong and Yeh, Nai-Chang and Moore, Joel and Wang, Kang L.},
title = {Competing Weak Localization and Weak Antilocalization in Ultrathin Topological Insulators},
journal = {Nano Lett.},
volume = {13},
number = {1},
pages = {48-53},
year = {2013},
doi = {10.1021/nl303424n},
URL = {http://pubs.acs.org/doi/abs/10.1021/nl303424n},
}

@article{Cr_doped,
  title = {Crossover between Weak Antilocalization and Weak Localization in a Magnetically Doped Topological Insulator},
  author = {Liu, Minhao and Zhang, Jinsong and Chang, Cui-Zu and Zhang, Zuocheng and Feng, Xiao and Li, Kang and He, Ke and Wang, Li-li and Chen, Xi and Dai, Xi and Fang, Zhong and Xue, Qi-Kun and Ma, Xucun and Wang, Yayu},
  journal = {Phys. Rev. Lett.},
  volume = {108},
  issue = {3},
  pages = {036805},
  numpages = {5},
  year = {2012},
  month = {Jan},
  doi = {10.1103/PhysRevLett.108.036805},
  url = {http://link.aps.org/doi/10.1103/PhysRevLett.108.036805},
  publisher = {American Physical Society}
}


@article{WL_WAL_competition,
  title = {Competition between Weak Localization and Antilocalization in Topological Surface States},
  author = {Lu, Hai-Zhou and Shi, Junren and Shen, Shun-Qing},
  journal = {Phys. Rev. Lett.},
  volume = {107},
  issue = {7},
  pages = {076801},
  numpages = {5},
  year = {2011},
  month = {Aug},
  doi = {10.1103/PhysRevLett.107.076801},
  url = {http://link.aps.org/doi/10.1103/PhysRevLett.107.076801},
  publisher = {American Physical Society}
}

@article{WL_Glazman,
  title = {Weak localization and antilocalization in topological insulator thin films with coherent bulk-surface coupling},
  author = {Garate, Ion and Glazman, Leonid},
  journal = {Phys. Rev. B},
  volume = {86},
  issue = {3},
  pages = {035422},
  numpages = {17},
  year = {2012},
  month = {Jul},
  doi = {10.1103/PhysRevB.86.035422},
  url = {http://link.aps.org/doi/10.1103/PhysRevB.86.035422},
  publisher = {American Physical Society}
}

@article{WL_bulk_Lu,
  title = {Weak localization of bulk channels in topological insulator thin films},
  author = {Lu, Hai-Zhou and Shen, Shun-Qing},
  journal = {Phys. Rev. B},
  volume = {84},
  issue = {12},
  pages = {125138},
  numpages = {8},
  year = {2011},
  month = {Sep},
  doi = {10.1103/PhysRevB.84.125138},
  url = {http://link.aps.org/doi/10.1103/PhysRevB.84.125138},
  publisher = {American Physical Society}
}

@article{WAL_Quantum_Well,
  title = {Weak antilocalization in HgTe quantum wells and topological surface states: Massive versus massless Dirac fermions},
  author = {Tkachov, G. and Hankiewicz, E. M.},
  journal = {Phys. Rev. B},
  volume = {84},
  issue = {3},
  pages = {035444},
  numpages = {13},
  year = {2011},
  month = {Jul},
  doi = {10.1103/PhysRevB.84.035444},
  url = {http://link.aps.org/doi/10.1103/PhysRevB.84.035444},
  publisher = {American Physical Society}
}

@article{WALalpha1,
  title = {Tunable surface conductivity in {Bi${}_{2}$Se${}_{3}$} revealed in diffusive electron transport},
  author = {Chen, J. and He, X. Y. and Wu, K. H. and Ji, Z. Q. and Lu, L. and Shi, J. R. and Smet, J. H. and Li, Y. Q.},
  journal = {Phys. Rev. B},
  volume = {83},
  issue = {24},
  pages = {241304},
  numpages = {4},
  year = {2011},
  month = {Jun},
  doi = {10.1103/PhysRevB.83.241304},
  url = {http://link.aps.org/doi/10.1103/PhysRevB.83.241304},
  publisher = {American Physical Society}
}

@article{WALalpha2,
  title = {Bulk Band Gap and Surface State Conduction Observed in Voltage-Tuned Crystals of the Topological Insulator ${\mathrm{Bi}}_{2}{\mathrm{Se}}_{3}$},
  author = {Checkelsky, J. G. and Hor, Y. S. and Cava, R. J. and Ong, N. P.},
  journal = {Phys. Rev. Lett.},
  volume = {106},
  issue = {19},
  pages = {196801},
  numpages = {4},
  year = {2011},
  month = {May},
  doi = {10.1103/PhysRevLett.106.196801},
  url = {http://link.aps.org/doi/10.1103/PhysRevLett.106.196801},
  publisher = {American Physical Society}
}

@article{WALalpha3,
  title = {Electrically tunable surface-to-bulk coherent coupling in topological insulator thin films},
  author = {Steinberg, H. and Lalo\"e, J.-B. and Fatemi, V. and Moodera, J. S. and Jarillo-Herrero, P.},
  journal = {Phys. Rev. B},
  volume = {84},
  issue = {23},
  pages = {233101},
  numpages = {4},
  year = {2011},
  month = {Dec},
  doi = {10.1103/PhysRevB.84.233101},
  url = {http://link.aps.org/doi/10.1103/PhysRevB.84.233101},
  publisher = {American Physical Society}
}


__TI_logT
@article{Chen2011,
  title = {Tunable surface conductivity in Bi${}_{2}$Se${}_{3}$ revealed in diffusive electron transport},
  author = {Chen, J. and He, X. Y. and Wu, K. H. and Ji, Z. Q. and Lu, L. and Shi, J. R. and Smet, J. H. and Li, Y. Q.},
  journal = {Phys. Rev. B},
  volume = {83},
  issue = {24},
  pages = {241304},
  numpages = {4},
  year = {2011},
  month = {Jun},
  publisher = {American Physical Society},
  doi = {10.1103/PhysRevB.83.241304},
  url = {https://link.aps.org/doi/10.1103/PhysRevB.83.241304}
}

@article{Liu2011,
  title = {Electron interaction-driven insulating ground state in Bi${}_{2}$Se${}_{3}$ topological insulators in the two-dimensional limit},
  author = {Liu, Minhao and Chang, Cui-Zu and Zhang, Zuocheng and Zhang, Yi and Ruan, Wei and He, Ke and Wang, Li-li and Chen, Xi and Jia, Jin-Feng and Zhang, Shou-Cheng and Xue, Qi-Kun and Ma, Xucun and Wang, Yayu},
  journal = {Phys. Rev. B},
  volume = {83},
  issue = {16},
  pages = {165440},
  numpages = {6},
  year = {2011},
  month = {Apr},
  publisher = {American Physical Society},
  doi = {10.1103/PhysRevB.83.165440},
  url = {https://link.aps.org/doi/10.1103/PhysRevB.83.165440}
}

@article{Roy2013,
author = {Roy,Anupam  and Guchhait,Samaresh  and Sonde,Sushant  and Dey,Rik  and Pramanik,Tanmoy  and Rai,Amritesh  and Movva,Hema C. P.  and Colombo,Luigi  and Banerjee,Sanjay K. },
    title = {Two-dimensional weak anti-localization in Bi2Te3 thin film grown on Si(111)-(7x7) surface by molecular beam epitaxy},
    journal = {Appl. Phys. Lett.},
    volume = {102},
    number = {16},
    pages = {163118},
    year = {2013},
    doi = {10.1063/1.4803018},
    URL = { 
            https://doi.org/10.1063/1.4803018
    },
    eprint = { 
            https://doi.org/10.1063/1.4803018
    }
}



__PLD__
@article{telluride_PLD1,
  author = {Haruhiko Obara and Shun Higomo and Michihiro Ohta and Atsushi Yamamoto and Kazuo Ueno and Tsutomu Iida},
  title = {Thermoelectric Properties of Bi 2 Te 3 -Based Thin Films with Fine Grains Fabricated by Pulsed Laser Deposition},
  journal = {Jpn. J. Appl. Phys.},
  volume = {48},
  number = {8R},
  pages = {085506},
  url = {http://stacks.iop.org/1347-4065/48/i=8R/a=085506},
  year = {2009},
}

@INPROCEEDINGS{telluride_PLD2, 
author = {M. Shaik and I. A. Motaleb}, 
booktitle = {{IEEE} International Conference on Electro-Information Technology}, 
title = {Effect of growth temperature on the material properties of PLD-grown Bi2Te3 and Sb2Te3}, 
pages = {1-6}, 
doi = {10.1109/EIT.2013.6632706}, 
Publisher = {IEEE},
ISSN = {2154-0357}, 
year = {2013},
month = {May},
}

@article{PLD_alt_target2,
author = {M. B. Korzenski and Ph. Lecoeur and B. Mercey and P. Camy and J.-L. Doualan},
title = {Low propagation losses of an Er:Y2O3 planar waveguide grown by alternate-target pulsed laser deposition},
journal = {Appl. Phys. Lett.},
volume = {78},
number = {9},
pages = {1210-1212},
year = {2001},
doi = {10.1063/1.1347026},

URL = { 
        http://dx.doi.org/10.1063/1.1347026
    
},

}

@article{PLD_alt_target,
author = {Andrea Ambrosini and Jean-Francois Hamet},
title = {SmxNd1-xNiO3 thin-film solid solutions with tunable metal-insulator transition synthesized by alternate-target pulsed-laser deposition},
journal = {Appl. Phys. Lett.},
volume = {82},
number = {5},
pages = {727-729},
year = {2003},
doi = {10.1063/1.1541116},

URL = { 
        http://dx.doi.org/10.1063/1.1541116
    
},
}


