___General___
@book{kittel,
  title={Introduction to Solid State Physics},
  author={Kittel, Charles},
  edition   = 8,
  isbn={9780471415268},
  lccn={2004042250},
  year={2004},
  publisher={John Wiley \& Sons, Inc.}
}

@article{VdP1958,
  title={A method of measuring specific resistivity and Hall effect of discs of arbitrary shape},
  author={van der Pauw, L. J.},
  journal={Philips Res. Repts.},
  volume={13},
  number={1},
  pages={1--9},
  year={1958}
}


@article{VdP_contact_size,
title = "Contact size effects on the van der Pauw method for resistivity and Hall coefficient measurement ",
journal = "Solid-State Electronics ",
volume = "17",
number = "12",
pages = "1217 - 1227",
year = "1974",
note = "",
issn = "0038-1101",
doi = "10.1016/0038-1101(74)90001-X",
url = "http://www.sciencedirect.com/science/article/pii/003811017490001X",
author = "Ronald Chwang and B.J. Smith and C.R. Crowell"
}

@article{Landauer_Porous_Media,
author = {H. J. Juretschke and R. Landauer and J. A. Swanson},
collaboration = {},
title = {Hall Effect and Conductivity in Porous Media},
publisher = {AIP},
year = {1956},
journal = {J. Appl. Phys.},
volume = {27},
number = {7},
pages = {838-839},
url = {http://link.aip.org/link/?JAP/27/838/1},
doi = {10.1063/1.1722496}
}


@article{SpinMagnetic,
  title = {Spin-Disorder Scattering and Magnetoresistance of Magnetic Semiconductors},
  author = {Haas, C.},
  journal = {Phys. Rev.},
  volume = {168},
  issue = {2},
  pages = {531--538},
  year = {1968},
  month = {Apr},
  doi = {10.1103/PhysRev.168.531},
  url = {http://link.aps.org/doi/10.1103/PhysRev.168.531},
  publisher = {American Physical Society}
}

@article{KondoMR,
  title = {Magnetic field dependence of dephasing rate due to diluted Kondo impurities},
  author = {Micklitz, T. and Costi, T. A. and Rosch, A.},
  journal = {Phys. Rev. B},
  volume = {75},
  issue = {5},
  pages = {054406},
  numpages = {10},
  year = {2007},
  month = {Feb},
  doi = {10.1103/PhysRevB.75.054406},
  url = {http://link.aps.org/doi/10.1103/PhysRevB.75.054406},
  publisher = {American Physical Society}
}

@book{Mott_book,
  author    = {N. F. Mott and E. A. Davis}, 
  title     = {Electronic Processes in Non-Crystalline Materials},
  publisher = {Oxford University Press},
  address = {Oxford, UK},
  year      = {2012},
  edition   = {2},
  isbn      = {9780199645336}
}

@article{Fradkin1986b,
  title = {Critical behavior of disordered degenerate semiconductors. II. Spectrum and transport properties in mean-field theory},
  author = {Fradkin, Eduardo},
  journal = {Phys. Rev. B},
  volume = {33},
  issue = {5},
  pages = {3263--3268},
  numpages = {0},
  year = {1986},
  month = {Mar},
  publisher = {American Physical Society},
  doi = {10.1103/PhysRevB.33.3263},
  url = {https://link.aps.org/doi/10.1103/PhysRevB.33.3263}
}

___PLD___
@book{PLD_book,
  title={Pulsed Laser Deposition of Thin Films},
  editor={Chrisey, D. B. and Hubler, G. K.},
  author={Jeffery T. Cheung and others},
  isbn={9780471592181},
  lccn={93025631},
  year={1994},
  publisher={Wiley},
  address={New York},
}

@article{PLD_review,
  title = {Pulsed laser vaporization and deposition},
  author = {Willmott, P. R. and Huber, J. R.},
  journal = {Rev. Mod. Phys.},
  volume = {72},
  issue = {1},
  pages = {315--328},
  numpages = {0},
  year = {2000},
  month = {Jan},
  publisher = {American Physical Society},
  doi = {10.1103/RevModPhys.72.315},
  url = {https://link.aps.org/doi/10.1103/RevModPhys.72.315}
}

@Inbook{Greene1993,
author="Greene, J. E.",
editor="Auciello, Orlando and Engemann, J{\"u}rgen",
title="Physics of Film Growth from the Vapor Phase",
bookTitle="Multicomponent and Multilayered Thin Films for Advanced Microtechnologies: Techniques, Fundamentals and Devices",
year="1993",
publisher="Springer",
address="Dordrecht, Netherlands",
pages="39--85",
isbn="978-94-011-1727-2",
doi="10.1007/978-94-011-1727-2_3",
url="https://doi.org/10.1007/978-94-011-1727-2_3"
}

@inbook{Metev1988,
  title = {Thin-film compounds formation with pulsed laser-plasma fluxes},
  booktitle={Third International Conference on Trends in Quantum Electronics},
  author={Metev, S. and M. Sendova},
  pages={260},
  year={1988},
  publisher={European Physical Society}
}

@article{Metev1989,
title = "Nucleation and growth of laser-plasma deposited thin films",
journal = "Appl. Surf. Sci.",
volume = "43",
number = "1--4",
pages = "402 - 408",
year = "1989",
issn = "0169-4332",
doi = "http://dx.doi.org/10.1016/0169-4332(89)90247-X",
url = "http://www.sciencedirect.com/science/article/pii/016943328990247X",
author = "S. Metev and K. Meteva"
}

__AC Magnetometry__

@article{Jeanneret1989,
author = {B. Jeanneret and J. L. Gavilano and G. A. Racine and Ch. Leemann and P. Martinoli},
title = {Inductive conductance measurements in two-dimensional superconducting systems},
journal = {Appl. Phys. Lett.},
volume = {55},
number = {22},
pages = {2336-2338},
year = {1989},
doi = {10.1063/1.102053},

URL = { 
        http://dx.doi.org/10.1063/1.102053
    
}
}

@article{Venus2004,
  title = {Critical susceptibility exponent measured from Fe/W(110) bilayers},
  author = {Dunlavy, M. J. and Venus, D.},
  journal = {Phys. Rev. B},
  volume = {69},
  issue = {9},
  pages = {094411},
  numpages = {7},
  year = {2004},
  month = {Mar},
  publisher = {American Physical Society},
  doi = {10.1103/PhysRevB.69.094411},
  url = {https://link.aps.org/doi/10.1103/PhysRevB.69.094411}
}

@article{Jensen2003,
  title = {Anisotropic susceptibility of ferromagnetic ultrathin Co films on vicinal Cu},
  author = {Jensen, P. J. and Knappmann, S. and Wulfhekel, W. and Oepen, H. P.},
  journal = {Phys. Rev. B},
  volume = {67},
  issue = {18},
  pages = {184417},
  numpages = {7},
  year = {2003},
  month = {May},
  publisher = {American Physical Society},
  doi = {10.1103/PhysRevB.67.184417},
  url = {https://link.aps.org/doi/10.1103/PhysRevB.67.184417}
}

@article{Gegenwart2005,
  title = {Ferromagnetic Quantum Critical Fluctuations in ${\mathrm{Y}\mathrm{b}\mathrm{R}\mathrm{h}}_{2}({\mathrm{S}\mathrm{i}}_{0.95}{\mathrm{G}\mathrm{e}}_{0.05}{)}_{2}$},
  author = {Gegenwart, P. and Custers, J. and Tokiwa, Y. and Geibel, C. and Steglich, F.},
  journal = {Phys. Rev. Lett.},
  volume = {94},
  issue = {7},
  pages = {076402},
  numpages = {4},
  year = {2005},
  month = {Feb},
  publisher = {American Physical Society},
  doi = {10.1103/PhysRevLett.94.076402},
  url = {https://link.aps.org/doi/10.1103/PhysRevLett.94.076402}
}



@article{ac_nitroxide,
author={R. Chiarelli and M. A. Novak and A. Rassat and J. L. Tholence},
year={1993},
month={May 13},
title={A ferromagnetic transition at 1.48K in an organic nitroxide},
journal={Nature},
volume={363},
number={6425},
pages={147},
isbn={00280836},
}

@article{ac_spin_glass,
  author={B V B Sarkissian},
  title={The appearance of critical behaviour at the onset of ferromagnetism in AuFe alloys},
  journal={J. Phys. F: Met. Phys.},
  volume={11},
  number={10},
  pages={2191},
  url={http://stacks.iop.org/0305-4608/11/i=10/a=029},
  year={1981},
}

@article{ac_superpara,
  author={J L Dormann and L Bessais and D Fiorani},
  title={A dynamic study of small interacting particles: superparamagnetic model and spin-glass laws},
  journal={J. Phys. C: Solid State Phys.},
  volume={21},
  number={10},
  pages={2015},
  url={http://stacks.iop.org/0022-3719/21/i=10/a=019},
  year={1988},
}

@article{Ando1994,
  title = {Linear ac magnetic response near the vortex-glass transition in single-crystalline ${\mathrm{YBa}}_{2}$${\mathrm{Cu}}_{3}$${\mathrm{O}}_{7}$},
  author = {Ando, Yoichi and Kubota, Hiroshi and Sato, Yoshibumi and Terasaki, Ichiro},
  journal = {Phys. Rev. B},
  volume = {50},
  issue = {13},
  pages = {9680--9683},
  numpages = {0},
  year = {1994},
  month = {Oct},
  publisher = {American Physical Society},
  doi = {10.1103/PhysRevB.50.9680},
  url = {https://link.aps.org/doi/10.1103/PhysRevB.50.9680}
}

@article{AC_in_field,
  title = {ac susceptibility of the ferromagnetic phase of the $\mathrm{Au}\mathrm{Fe}$ system},
  author = {Maartense, I. and Williams, Gwyn},
  journal = {Phys. Rev. B},
  volume = {17},
  issue = {1},
  pages = {377--384},
  numpages = {0},
  year = {1978},
  month = {Jan},
  publisher = {American Physical Society},
  doi = {10.1103/PhysRevB.17.377},
  url = {https://link.aps.org/doi/10.1103/PhysRevB.17.377}
}
@phdthesis{YazdaniThesis,
  author       = {Ali Yazdani}, 
  title        = {Phase Transitions in Two-Dimensional Superconductors},
  school       = {Stanford University},
  year         = {1994},
  address      = {Stanford, CA 94305},
  month        = {6},
  note         = {}
}

@article{Yazdani1993,
  title = {Observation of Kosterlitz-Thouless-type melting of the disordered vortex lattice in thin films of a-MoGe},
  author = {Yazdani, Ali and White, W. R. and Hahn, M. R. and Gabay, M. and Beasley, M. R. and Kapitulnik, A.},
  journal = {Phys. Rev. Lett.},
  volume = {70},
  issue = {4},
  pages = {505--508},
  numpages = {0},
  year = {1993},
  month = {Jan},
  publisher = {American Physical Society},
  doi = {10.1103/PhysRevLett.70.505},
  url = {https://link.aps.org/doi/10.1103/PhysRevLett.70.505}
}

__SQUID__
@book{Annett,
  title={Superconductivity, Superfluids, and Condensates},
  author={James F. Annett},
  isbn={9780198507567},
  year={2004},
  publisher={Oxford University Press},
  address={Oxford, England}
}

@article{Josephson1962,
title = "Possible new effects in superconductive tunnelling",
journal = "Phys. Lett.",
volume = "1",
number = "7",
pages = "251 - 253",
year = "1962",
issn = "0031-9163",
doi = "https://doi.org/10.1016/0031-9163(62)91369-0",
url = "http://www.sciencedirect.com/science/article/pii/0031916362913690",
author = "B. D. Josephson"
}

@article{Josephson1974,
  title = {The discovery of tunnelling supercurrents},
  author = {Josephson, B. D.},
  journal = {Rev. Mod. Phys.},
  volume = {46},
  issue = {2},
  pages = {251--254},
  numpages = {0},
  year = {1974},
  month = {Apr},
  publisher = {American Physical Society},
  doi = {10.1103/RevModPhys.46.251},
  url = {https://link.aps.org/doi/10.1103/RevModPhys.46.251}
}

@article{Nb_SQUID,
author = {Voss,Richard F.  and Laibowitz,Robert B.  and Raider,Stanley I.  and Clarke,John },
title = {All-Nb low-noise dc SQUID with 1-$\mu$m tunnel junctions},
journal = {J. Appl. Phys.},
volume = {51},
number = {4},
pages = {2306-2309},
year = {1980},
doi = {10.1063/1.327869},

URL = { 
        https://aip.scitation.org/doi/abs/10.1063/1.327869
    
},
eprint = { 
        https://aip.scitation.org/doi/pdf/10.1063/1.327869    
}
}

@Article{Clarke1976,
author="Clarke, John and Goubau, Wolfgang M. and Ketchen, Mark B.",
title="Tunnel junction dc SQUID: Fabrication, operation, and performance",
journal="J. Low Temp. Phys.",
year="1976",
month="Oct",
day="01",
volume="25",
number="1",
pages="99--144",
issn="1573-7357",
doi="10.1007/BF00654826",
url="https://doi.org/10.1007/BF00654826"
}

@article{Hansma1971,
  title = {Externally Shunted Josephson Junctions: Generalized Weak Links},
  author = {Hansma, P. K. and Rochlin, G. I. and Sweet, J. N.},
  journal = {Phys. Rev. B},
  volume = {4},
  issue = {9},
  pages = {3003--3014},
  numpages = {0},
  year = {1971},
  month = {Nov},
  publisher = {American Physical Society},
  doi = {10.1103/PhysRevB.4.3003},
  url = {https://link.aps.org/doi/10.1103/PhysRevB.4.3003}
}

@book{mpms_hardware,
  title={Magnetic Property Measurement System: Hardware Reference Manual},
  year={1996},
  publisher={Quantum Design},
  address={San Diego, CA}
}

@book{mpms_software,
  title={Magnetic Property Measurement System: MPMS MultiVu Application User’s Manual},
  year={2004},
  publisher={Quantum Design},
  address={San Diego, CA}
}

@article{squid_bg,
  author={R Cabassi and F Bolzoni and F Casoli},
  title={Differential method for sample holder background subtraction in superconducting quantum interference device (SQUID) magnetometry},
  journal={Meas. Sci. Technol.},
  volume={21},
  number={3},
  pages={035701},
  url={http://stacks.iop.org/0957-0233/21/i=3/a=035701},
  year={2010}
}

@article{squid_center_error,
author = {Nieves {Casa{\~n}-Pastor} and Pedro Gomez-Romero and Louis C. W. Baker},
title = {Magnetic measurements with a SQUID magnetometer: Possible artifacts induced by sample-holder off-centering},
journal = {J. Appl. Phys.},
volume = {69},
number = {8},
pages = {5088-5090},
year = {1991},
doi = {10.1063/1.348132},

URL = { 
        http://dx.doi.org/10.1063/1.348132
    
},
}