__Bilayer papers__
@article{Moodera2013,
  title = {Exchange-Coupling-Induced Symmetry Breaking in Topological Insulators},
  author = {Wei, Peng and Katmis, Ferhat and Assaf, Badih A. and Steinberg, Hadar and Jarillo-Herrero, Pablo and Heiman, Donald and Moodera, Jagadeesh S.},
  journal = {Phys. Rev. Lett.},
  volume = {110},
  issue = {18},
  pages = {186807},
  numpages = {5},
  year = {2013},
  month = {Apr},
  doi = {10.1103/PhysRevLett.110.186807},
  url = {http://link.aps.org/doi/10.1103/PhysRevLett.110.186807},
  publisher = {American Physical Society},
}

@article{Moodera2016,
  title = {A high-temperature ferromagnetic topological insulating phase by proximity coupling},
  author = {Katmis, Ferhat and Lauter, Valeria and Nogueira, Flavio S. and Assaf, Badih A. and Jamer, Michelle E. and Wei, Peng and Satpati, Biswarup and Freeland, John W. and Eremin, Ilya and Heiman, Don and Jarillo-Herrero, Pablo and Moodera, Jagadeesh S.},
  journal = {Nat. Lett.},
  volume = {533},
  issue = {7604},
  pages = {513--516},
  year = {2016},
  doi = {10.1038/nature17635},
  url = {http://dx.doi.org/10.1038/nature17635},
  publisher = {Nature Publishing Group},
}

__bilayers__
@article{Samarth2013,
author = {A. Kandala and A. Richardella and D. W. Rench and D. M. Zhang and T. C. Flanagan and N. Samarth},
title = {Growth and characterization of hybrid insulating ferromagnet-topological insulator heterostructure devices},
journal = {Appl. Phys. Lett.},
volume = {103},
number = {20},
pages = {202409},
year = {2013},
doi = {10.1063/1.4831987},

URL = { 
        http://dx.doi.org/10.1063/1.4831987
  },
}

@article{Samarth2017,
    doi = {10.1038/s41535-018-0123-2},
    issn = {2397-4648},
    journal = {npj Quantum Mater.},
    number = {1},
    pages = {51},
    title = {{Engineering the breaking of time-reversal symmetry in gate-tunable hybrid ferromagnet/topological insulator heterostructures}},
    url = {https://doi.org/10.1038/s41535-018-0123-2},
    volume = {3},
    year = {2018}
}

@article{Moodera2013,
  title = {Exchange-Coupling-Induced Symmetry Breaking in Topological Insulators},
  author = {Wei, Peng and Katmis, Ferhat and Assaf, Badih A. and Steinberg, Hadar and Jarillo-Herrero, Pablo and Heiman, Donald and Moodera, Jagadeesh S.},
  journal = {Phys. Rev. Lett.},
  volume = {110},
  issue = {18},
  pages = {186807},
  numpages = {5},
  year = {2013},
  month = {Apr},
  doi = {10.1103/PhysRevLett.110.186807},
  url = {http://link.aps.org/doi/10.1103/PhysRevLett.110.186807},
  publisher = {American Physical Society},
}

@article{Chulkov2017,
author = {Hirahara, Toru and Eremeev, Sergey V. and Shirasawa, Tetsuroh and Okuyama, Yuma and Kubo, Takayuki and Nakanishi, Ryosuke and Akiyama, Ryota and Takayama, Akari and Hajiri, Tetsuya and Ideta, Shin-ichiro and Matsunami, Masaharu and Sumida, Kazuki and Miyamoto, Koji and Takagi, Yasumasa and Tanaka, Kiyohisa and Okuda, Taichi and Yokoyama, Toshihiko and Kimura, Shin-ichi and Hasegawa, Shuji and Chulkov, Evgueni V.},
title = {Large-Gap Magnetic Topological Heterostructure Formed by Subsurface Incorporation of a Ferromagnetic Layer},
journal = {Nano Lett.},
volume = {17},
number = {6},
pages = {3493-3500},
year = {2017},
doi = {10.1021/acs.nanolett.7b00560},

URL = { 
        http://dx.doi.org/10.1021/acs.nanolett.7b00560
    
},

}

@article{Moodera2016,
  title = {A high-temperature ferromagnetic topological insulating phase by proximity coupling},
  author = {Katmis, Ferhat and Lauter, Valeria and Nogueira, Flavio S. and Assaf, Badih A. and Jamer, Michelle E. and Wei, Peng and Satpati, Biswarup and Freeland, John W. and Eremin, Ilya and Heiman, Don and Jarillo-Herrero, Pablo and Moodera, Jagadeesh S.},
  journal = {Nat. Lett.},
  volume = {533},
  issue = {7604},
  pages = {513--516},
  year = {2016},
  doi = {10.1038/nature17635},
  url = {http://dx.doi.org/10.1038/nature17635},
  publisher = {Nature Publishing Group},
}

@article{Shi2014,
author = {Zilong Jiang and Ferhat Katmis and Chi Tang and Peng Wei and Jagadeesh S. Moodera and Jing Shi},
title = {A comparative transport study of Bi2Se3 and Bi2Se3/yttrium iron garnet},
journal = {Appl. Phys. Lett.},
volume = {104},
number = {22},
pages = {222409},
year = {2014},
doi = {10.1063/1.4881975},
URL = { 
        http://dx.doi.org/10.1063/1.4881975
},
}

@article{Petta2014,
author = {L. D. Alegria and H. Ji and N. Yao and J. J. Clarke and R. J. Cava and J. R. Petta},
title = {Large anomalous Hall effect in ferromagnetic insulator-topological insulator heterostructures},
journal = {Appl. Phys. Lett.},
volume = {105},
number = {5},
pages = {053512},
year = {2014},
doi = {10.1063/1.4892353},
URL = {http://dx.doi.org/10.1063/1.4892353},
}

@article{Wang2014,
author = {Lang, Murong and Montazeri, Mohammad and Onbasli, Mehmet C. and Kou, Xufeng and Fan, Yabin and Upadhyaya, Pramey and Yao, Kaiyuan and Liu, Frank and Jiang, Ying and Jiang, Wanjun and Wong, Kin L. and Yu, Guoqiang and Tang, Jianshi and Nie, Tianxiao and He, Liang and Schwartz, Robert N. and Wang, Yong and Ross, Caroline A. and Wang, Kang L.},
title = {Proximity Induced High-Temperature Magnetic Order in Topological Insulator - Ferrimagnetic Insulator Heterostructure},
journal = {Nano Lett.},
volume = {14},
number = {6},
pages = {3459-3465},
year = {2014},
doi = {10.1021/nl500973k},
URL = {http://dx.doi.org/10.1021/nl500973k}
}

@article{Tian2016,
author = {Guolin Zheng and Ning Wang and Jiyong Yang and Weike Wang and Haifeng Du and Wei Ning and Zhaorong Yang and Hai-Zhou Lu and Yuheng Zhang and Mingliang Tian},
title = {Weak localization effect in topological insulator micro flakes grown on insulating ferrimagnet BaFe12O19},
journal = {Sci. Rep.},
volume = {6},
pages = {21134},
year = {2016},
doi = {10.1038/srep21334},
URL = {http://dx.doi.org/10.1038/srep21334}
}

@article{Qiu2017,
author = {Shun-Yu Huang and Cheong-Wei Chong and Yi Tung and Tzu-Chin Chen and Ki-Chi Wu and Min-Kai Lee and Jung-Chun-Andrew Huang and Z. Li and H. Qiu},
title = {Weak localization effect in topological insulator micro flakes grown on insulating ferrimagnet BaFe12O19},
journal = {Sci. Rep.},
volume = {7},
pages = {2422},
year = {2017},
doi = {10.1038/s41598-017-02662-8},
URL = {http://dx.doi.org/10.1038/s41598-017-02662-8}
}


__Misc__
@misc{xiaoliang,
author = {Xiao-Liang Qi},
howpublished="Private communication",
year={},
}