@article{bilayer2018,
  title = {Two-stage proximity-induced gap opening in topological-insulator--insulating-ferromagnet ${({\mathrm{Bi}}_{x}{\mathrm{Sb}}_{1\ensuremath{-}x})}_{2}{\mathrm{Te}}_{3}$--$\mathrm{EuS}$ bilayers},
  author = {Yang, Qi I. and Kapitulnik, Aharon},
  journal = {Phys. Rev. B},
  volume = {98},
  issue = {8},
  pages = {081403},
  numpages = {5},
  year = {2018},
  month = {Aug},
  publisher = {American Physical Society},
  doi = {10.1103/PhysRevB.98.081403},
  url = {https://link.aps.org/doi/10.1103/PhysRevB.98.081403}
}

@article{EuS_PLD,
author = {Qi I. Yang and Jinfeng Zhao and Li Zhang and Merav Dolev and Alexander D. Fried and Ann F. Marshall and Subhash H. Risbud and Aharon Kapitulnik},
title = {Pulsed laser deposition of high-quality thin films of the insulating ferromagnet EuS},
journal = {Appl. Phys. Lett.},
volume = {104},
number = {8},
pages = {082402},
year = {2014},
doi = {10.1063/1.4866265},

URL = { 
        http://dx.doi.org/10.1063/1.4866265
    
},
}


@article{bilayer2014,
  title = {Emerging weak localization effects on a topological insulator--insulating ferromagnet (Bi${}_{2}$Se${}_{3}$-EuS) interface},
  author = {Yang, Qi I. and Dolev, Merav and Zhang, Li and Zhao, Jinfeng and Fried, Alexander D. and Schemm, Elizabeth and Liu, Min and Palevski, Alexander and Marshall, Ann F. and Risbud, Subhash H. and Kapitulnik, Aharon},
  journal = {Phys. Rev. B},
  volume = {88},
  issue = {8},
  pages = {081407},
  numpages = {4},
  year = {2013},
  month = {Aug},
  doi = {10.1103/PhysRevB.88.081407},
  url = {http://link.aps.org/doi/10.1103/PhysRevB.88.081407},
  publisher = {American Physical Society},
}



@article{zhangli2012,
author = {Li Zhang and Robert Hammond and Merav Dolev and Min Liu and Alexander Palevski and Aharon Kapitulnik},
collaboration = {},
title = {High quality ultrathin Bi[sub 2]Se[sub 3] films on CaF[sub 2] and CaF[sub 2]/Si by molecular beam epitaxy with a radio frequency cracker cell},
publisher = {AIP},
year = {2012},
journal = {Appl. Phys. Lett.},
volume = {101},
number = {15},
eid = {153105},
numpages = {4},
pages = {153105},
keywords = {bismuth compounds; buffer layers; epitaxial layers; insulating thin films; magnetoresistance; molecular beam epitaxial growth; oscillations; stoichiometry; surface states; topological insulators; weak localisation},
url = {http://link.aip.org/link/?APL/101/153105/1},
doi = {10.1063/1.4758466}
}

@article{zhangli2013,
  title = {Weak localization effects as evidence for bulk quantization in Bi${}_{2}$Se${}_{3}$ thin films},
  author = {Zhang, Li and Dolev, Merav and Yang, Qi I. and Hammond, Robert H. and Zhou, Bo and Palevski, Alexander and Chen, Yulin and Kapitulnik, Aharon},
  journal = {Phys. Rev. B},
  volume = {88},
  issue = {12},
  pages = {121103},
  numpages = {4},
  year = {2013},
  month = {Sep},
  publisher = {American Physical Society},
  doi = {10.1103/PhysRevB.88.121103},
  url = {https://link.aps.org/doi/10.1103/PhysRevB.88.121103}
}


@article{Zhanybek1,
  title = {STM Imaging of Electronic Waves on the Surface of ${\mathrm{Bi}}_{2}{\mathrm{Te}}_{3}$: Topologically Protected Surface States and Hexagonal Warping Effects},
  author = {Alpichshev, Zhanybek and Analytis, J. G. and Chu, J.-H. and Fisher, I. R. and Chen, Y. L. and Shen, Z. X. and Fang, A. and Kapitulnik, A.},
  journal = {Phys. Rev. Lett.},
  volume = {104},
  issue = {1},
  pages = {016401},
  numpages = {4},
  year = {2010},
  month = {Jan},
  doi = {10.1103/PhysRevLett.104.016401},
  url = {http://link.aps.org/doi/10.1103/PhysRevLett.104.016401},
  publisher = {American Physical Society}
}

@article{Zhanybek2,
  title = {STM imaging of a bound state along a step on the surface of the topological insulator Bi${}_{2}$Te${}_{3}$},
  author = {Alpichshev, Zhanybek and Analytis, J. G. and Chu, J.-H. and Fisher, I. R. and Kapitulnik, A.},
  journal = {Phys. Rev. B},
  volume = {84},
  issue = {4},
  pages = {041104},
  numpages = {5},
  year = {2011},
  month = {Jul},
  doi = {10.1103/PhysRevB.84.041104},
  url = {http://link.aps.org/doi/10.1103/PhysRevB.84.041104},
  publisher = {American Physical Society}
}

@article{Zhanybek3,
  title = {STM Imaging of Impurity Resonances on ${\mathrm{Bi}}_{2}{\mathrm{Se}}_{3}$},
  author = {Alpichshev, Zhanybek and Biswas, Rudro R. and Balatsky, Alexander V. and Analytis, J. G. and Chu, J.-H. and Fisher, I. R. and Kapitulnik, A.},
  journal = {Phys. Rev. Lett.},
  volume = {108},
  issue = {20},
  pages = {206402},
  numpages = {5},
  year = {2012},
  month = {May},
  doi = {10.1103/PhysRevLett.108.206402},
  url = {http://link.aps.org/doi/10.1103/PhysRevLett.108.206402},
  publisher = {American Physical Society}
}



@article{Jing,
  title = {Inverse Proximity Effect in Superconductor-Ferromagnet Bilayer Structures},
  author = {Xia, Jing and Shelukhin, V. and Karpovski, M. and Kapitulnik, A. and Palevski, A.},
  journal = {Phys. Rev. Lett.},
  volume = {102},
  issue = {8},
  pages = {087004},
  numpages = {4},
  year = {2009},
  month = {Feb},
  doi = {10.1103/PhysRevLett.102.087004},
  url = {http://link.aps.org/doi/10.1103/PhysRevLett.102.087004},
  publisher = {American Physical Society}
}


@article{Xia2006,
author = {Jing Xia and Peter T. Beyersdorf and M. M. Fejer and Aharon Kapitulnik},
collaboration = {},
title = {Modified Sagnac interferometer for high-sensitivity magneto-optic measurements at cryogenic temperatures},
publisher = {AIP},
year = {2006},
journal = {Appl. Phys. Lett.},
volume = {89},
number = {6},
eid = {062508},
numpages = {3},
pages = {062508},
keywords = {Sagnac interferometers; Kerr magneto-optical effect; cryogenics; light polarisation; shot noise; sensitivity},
url = {http://link.aip.org/link/?APL/89/062508/1},
doi = {10.1063/1.2336620}
}

@article {Schemm2014,
	author = {Schemm, E. R. and Gannon, W. J. and Wishne, C. M. and Halperin, W. P. and Kapitulnik, A.},
	title = {Observation of broken time-reversal symmetry in the heavy-fermion superconductor UPt3},
	volume = {345},
	number = {6193},
	pages = {190--193},
	year = {2014},
	doi = {10.1126/science.1248552},
	publisher = {American Association for the Advancement of Science},
	issn = {0036-8075},
	URL = {http://science.sciencemag.org/content/345/6193/190},
	journal = {Science}
}

@article{Xia2009,
  title = {Inverse Proximity Effect in Superconductor-Ferromagnet Bilayer Structures},
  author = {Xia, Jing and Shelukhin, V. and Karpovski, M. and Kapitulnik, A. and Palevski, A.},
  journal = {Phys. Rev. Lett.},
  volume = {102},
  issue = {8},
  pages = {087004},
  numpages = {4},
  year = {2009},
  month = {Feb},
  publisher = {American Physical Society},
  doi = {10.1103/PhysRevLett.102.087004},
  url = {https://link.aps.org/doi/10.1103/PhysRevLett.102.087004}
}
